@book{hoffman-1957,
  author    = {Hoffman, A. J. and Kruskal, J. B.},
  booktitle = {Princeton University Press eBooks},
  month     = {12},
  pages     = {223--246},
  title     = {{13. Integral Boundary Points of Convex Polyhedra}},
  year      = {1957},
  doi       = {10.1515/9781400881987-014},
  url       = {https://doi.org/10.1515/9781400881987-014}
}

@inbook{cormen2009maxflow,
  author    = {Cormen, Thomas H. and Leiserson, Charles E. and Rivest, Ronald L. and Stein, Clifford},
  title     = {Introduction to Algorithms},
  chapter   = {26},
  pages     = {708--766},
  edition   = {3},
  publisher = {MIT Press},
  year      = {2009},
  address   = {Cambridge, MA},
  isbn      = {978-0-262-03384-8},
  note      = {Chapitre sur les flots maximum}
}

